<?xml version="1.0" encoding="UTF-8"?><collection xmlns="http://www.loc.gov/MARC21/slim"><record><leader>00577nam--2200181-u-4500</leader><controlfield tag="001">000055491</controlfield><controlfield tag="002">20161230</controlfield><controlfield tag="005">20161230201052</controlfield><controlfield tag="008">130214s1000------------r-----000-0-eng-d</controlfield><datafield ind1=" " ind2=" " tag="040"><subfield code="a">IFIN-HH</subfield></datafield><datafield ind1=" " ind2=" " tag="080"><subfield code="a">539.12.162.8(038)+801.323.2+802.0+808.2</subfield></datafield><datafield ind1="1" ind2=" " tag="100"><subfield code="a">Katyshev, Iu.V</subfield></datafield><datafield ind1="1" ind2="0" tag="245"><subfield code="a">English-russian high-energy physics dicitonary</subfield><subfield code="b">Anglo-russkii slovari po fizike visokih energii</subfield><subfield code="c">Iu.v. katyshev, d.l. novikov, t.a. polferov</subfield></datafield><datafield ind1=" " ind2=" " tag="260"><subfield code="a">Moskva</subfield><subfield code="b">Russkii Iazik</subfield><subfield code="c">1976</subfield></datafield><datafield ind1=" " ind2=" " tag="300"><subfield code="a">520P</subfield></datafield><datafield ind1="1" ind2=" " tag="700"><subfield code="a">Ploferov, T.A</subfield></datafield><datafield ind1=" " ind2=" " tag="852"><subfield code="a">D.529</subfield><subfield code="c">SLF</subfield></datafield><datafield ind1=" " ind2=" " tag="CAT"><subfield code="a">Sys</subfield><subfield code="c">20130214</subfield><subfield code="h">145033</subfield></datafield></record></collection>